@article{MarsPathfinder,
author = {Risat Mahmud Pathan},
title = {Report for the Seminar Series on Software Failures - Mars Pathfinder: Priority Inversion Problem},
year = {2024},
month = {January},
publisher = {Chalmers University of Technology},
url = {https://www.cse.chalmers.se/~risat/Report_MarsPathFinder.pdf},
}